@misc{wildfire,
	author = "Karen C. Short",
	title = "Spatial wildfire occurrence data for the United States, 1992-2015. [FPA\_FOD\_20170508]. 4th Edition.",
	howpublished = "\url{https://www.kaggle.com/rtatman/188-million-us-wildfires}",
	year = "2017",
	note = "Originally published by U. S. Forest Service, Fort Collins, CO. Accessed September 26, 2018."
}

@misc{airquality,
	author = "{US Environmental Protection Agency}",
	title = "Air Quality System Data Mart [internet database]",
	howpublished = "\url{https://aqs.epa.gov/aqsweb/airdata/download_files.html}",
	note = "Accessed October 22, 2018."
}
